@article{tucker1999lorenz,
  title={The Lorenz attractor exists},
  author={Tucker, W},
  journal={Comptes Rendus de l'Acad{\'e}mie des Sciences-Series I-Mathematics},
  volume={328},
  number={12},
  pages={1197--1202},
  year={1999},
  publisher={Elsevier}
}

@book{tabor1989chaos, 
  title={Chaos and Integrability in Nonlinear Dynamics: An Introduction}, 
  author={Tabor, M}, 
  address={New York}, 
  year={1989}, 
  publisher={Wiley}
}

@misc{dizikes2011butterfly_effect, 
  title={When the Butterfly Effect Took Flight}, 
  author={Dizikes, P}, 
  month={March},
  year={2011}, 
  publisher={MIT Technology Review},
  note={[https://www.technologyreview.com/s/422809/when-the-butterfly-effect-took-			flight/]}
}

@book{sparrow1982lorenz_equations,
  title={The Lorenz Equations: Bifurcations ,Chaos, and Strange Attractors},
  author={Sparrow, C},
  year={1982},
  publisher={Springer-Verlag},
  address={New York}
}